% This file was created with JabRef 2.11.1.
% Encoding: UTF8


@article {BHR12, 
	title = {An overview of Multipath TCP},
	author = {Olivier Bonaventure and Mark Handley and Costin Raiciu},
	journal = {USENIX login;},
	year = {2012},
	month = {October},
}

@article {1,
	author={R. {Wang} and S. C. {Burleigh} and P. {Parikh} and C. {Lin} and B. {Sun}},
	journal={IEEE/ACM Transactions on Networking}, 
	title={Licklider Transmission Protocol (LTP)-Based DTN for Cislunar Communications}, 
	year={2011},
	volume={19},
	number={2},
	pages={359-368},
}

@inproceedings {2,
	title={SPICE Testbed: A DTN Testbed for Satellite and Space Communications},
	author={ Komnios, Ioannis  and  Alexiadis, Ioannis  and  Bezirgiannidis, Nikolaos  and  Diamantopoulos, Sotiris  and  Tsaoussidis, Vassilis },
	booktitle={9th International Conference on Testbeds and Research Infrastructures for the Development of Networks and Communities (TRIDENTCOM 2014)},
	year={2014},
}

@ARTICLE{3,
	author={Y. {Li} and P. {Hui} and D. {Jin} and S. {Chen}},
	journal={IEEE Communications Magazine}, 
	title={Delay-tolerant network protocol testing and evaluation}, 
	year={2015},
	volume={53},
	number={1},
	pages={258-266},
}

@article{4,
	title={EmuStack: An OpenStack-Based DTN Network Emulation Platform (Extended Version)},
	author={ Li, Haifeng  and  Zhou, Huachun  and  Zhang, Hongke  and  Feng, Bohao  and  Shi, Wenfeng },
	journal={Mobile Information Systems,2016,(2016-12-5)},
	volume={2016},
	number={PT.5},
	pages={1-15},
	year={2016},
}